@article{brancheau1987key,
  title={Key issues in information systems management},
  author={Brancheau, James C and Wetherbe, James C},
  journal={MIS quarterly},
  pages={23--45},
  year={1987},
  publisher={JSTOR}
}

@article{reis2015,
  author    = {Reis, João and Silva, Maria and Santos, Pedro},
  title     = {Análise do uso do Scratch no Ensino de Programação},
  journal   = {Revista Brasileira de Educação em Computação},
  year      = {2015},
  volume    = {10},
  number    = {3},
  pages     = {45-52},
  publisher = {Educational Publishing House},
}

@article{buchmuller1981quarkonia,
  title={Quarkonia and quantum chromodynamics},
  author={Buchm{\"u}ller, Wilfried and Tye, S-HH},
  journal={Physical Review D},
  volume={24},
  number={1},
  pages={132},
  year={1981},
  publisher={APS}
}

@Book{box2015,
  author = {Box, George E. P. and Jenkins, Gwilym M. and Reinsel, Gregory C. and Ljung, Goeran M.},
  year = {2015},
  title = {Time Series Analysis: Forecasting and Control},
  edition = {5th}, 
  publisher = {John Wiley \& Sons},
  address = {Hoboken, NJ},
}

@article{Araujo_Boaventura_Silva2022, 
    title={Relationships between deforestation in the state of Bahia from 2004 to 2019 and the new forest code Lei-12.651/2012}, 
    volume={11}, 
    number={12}, 
    journal={Research, Society and Development}, 
    author={Araujo, Ralph Wendel Oliveira de and Boaventura, Luiz Carlos da Silva and Silva, Uemesson Ferreira da and Silva, Hebert Sousa da and Silva, Luiz Artur dos Santos da and Moniz, Lucas Andrade and Cardoso, George de Lima and Cardoso, Ariston de Lima and Santana, Geisa Nascimento de and Monteiro, Rhadson Rezende}, 
    year={2022}, 
    month={Sep.}, 
    pages={e370111234513} 
}


@article{mendoncca2006aquecimento,
  title={Aquecimento Global e suas manifesta{\c{c}}{\~o}es regionais e locais: alguns indicadores da regi{\~a}o Sul do Brasil},
  author={Mendon{\c{c}}a, Francisco},
  journal={Revista Brasileira de Climatologia},
  volume={2},
  year={2006}
}